@online{DiabetesAtlas2024,
  author    = {International Diabetes Federation},
  title     = {Diabetes Atlas},
  year      = {2024},
  url       = {https://diabetesatlas.org/},
  urldate   = {2024-12-09}
}

@misc{msp2022,
	title = {Anuario Estadístico de Salud 2022},
	author = {{Ministerio de Salud Pública}},
	year = {2023},
	note = {La Habana: Dirección Nacional de Registros Médicos y Estadísticas de Salud},
	url = {https://salud.msp.gob.cu/wp-content/Anuario/Anuario-2022.pdf},
	howpublished = {Accedido el 14 Nov 2024}
}

@misc{molnlycke2023,
	author = {{Mölnlycke}},
	title = {Úlceras de pie diabético},
	year = {2023},
	url = {https://www.molnlycke.lat/nuestro-conocimiento/ulceras-pie-diabetico/},
	note = {Accedido el 14 Nov 2023}
}
@online{segmentanything2023,
	author = {{Meta AI}},
	title = {Segment Anything},
	year = {2023},
	url = {https://segment-anything.com/},
	note = {Accedido el 14 Nov 2024}
}

@article{Filko2023,
	author = {Damir Filko and Emmanuel Karlo Nyarko},
	title = {2D/3D Wound Segmentation and Measurement Based on a Robot-Driven Reconstruction System},
	journal = {Sensors},
	volume = {23},
	number = {6},
	pages = {3298},
	year = {2023},
	doi = {10.3390/s23063298},
	correspondence = {damir.filko@ferit.h}
}

@article{Filko2018,
	author = {Damir Filko and Robert Cupec and Emmanuel Karlo Nyarko},
	title = {Wound measurement by RGB-D camera},
	journal = {Machine Vision and Applications},
	volume = {29},
	pages = {633--654},
	year = {2018},
	doi = {10.1007/s00138-018-0920-4},
	received = {28 March 2017},
	revised = {1 December 2017},
	accepted = {17 January 2018},
	published = {30 March 2018},
}

@article{Zhang2023,
	author = {Peng Zhang and Yichen Zhang and Qiang Li},
	title = {RGB-D Camera-Based Automatic Wound-Measurement System},
	journal = {IEEE Transactions on Instrumentation and Measurement},
	year = {2023},

}

@online{Ulceras2024,
	author = {\'Ulceras Cl},
	title = {El proceso de cicatrización de las heridas crónicas},
	year = {2024},
	url = {https://ulceras.cl/monografico/el-proceso-de-cicatrizacion-de-las-heridas-cronicas/},
	note = {Accedido: diciembre 2024}
}

@online{CUN2023,
	author = {Clínica Universidad de Navarra},
	title = {Tejido de granulación},
	year = {2023},
	url = {https://www.cun.es/diccionario-medico/terminos/tejido-de-granulacion},
	note = {Accedido: diciembre 2024}
}
@article{Huang2024,
	author = {Yuhao Huang and Xin Yang and Lian Liu and Han Zhou and Ao Chang and Xinrui Zhou and Rusi Chen and Junxuan Yu and Jiongquan Chen and Chaoyu Chen and Sijing Liu and Haozhe Chi and Xindi Hu and Kejuan Yue and Lei Li and Vicente Grau and Deng-Ping Fan and Fajin Dong and Dong Ni},
	title = {Segment Anything Model for Medical Images},
	journal = {arXiv preprint arXiv:2408.00874},
	year = {2024},
	url = {https://arxiv.org/abs/2408.00874}
}

@article{Ma2023,
	author = {Jun Ma and Yuting He and Feifei Li and Lin Han and Chenyu You and Bo Wang},
	title = {Segment Anything in Medical Images},
	journal = {arXiv preprint arXiv:2304.12306},
	year = {2023},
	url = {https://arxiv.org/abs/2304.12306}
}

@inproceedings{Raghu2019,
	author = {Maithra Raghu and Chiyuan Zhang and Jon M. Kleinberg and Samy Bengio},
	title = {Transfusion: Understanding Transfer Learning for Medical Imaging},
	booktitle = {Advances in Neural Information Processing Systems},
	volume = {32},
	year = {2019},
	url = {https://www.semanticscholar.org/paper/Transfusion:-Understanding-Transfer-Learning-for-Raghu-Zhang/cff4cb74f4466bd0407977e40ef0be9f444c63ea}
}

@inproceedings{Lin2017FocalLF,
	title={Focal Loss for Dense Object Detection},
	author={Tsung-Yi Lin and Priya Goyal and Ross B. Girshick and Kaiming He and Piotr Dollár},
	booktitle={2017 IEEE International Conference on Computer Vision (ICCV)},
	pages={2999--3007},
	year={2017},
	organization={IEEE}
}

@inproceedings{Milletari2016VNet,
	author = {Fausto Milletarì and Nassir Navab and Seyed-Ahmad Ahmadi},
	title = {V-net: Fully Convolutional Neural Networks for Volumetric Medical Image Segmentation},
	booktitle = {2016 Fourth International Conference on 3D Vision (3DV)},
	pages = {565--571},
	year = {2016},
	organization = {IEEE}
}

@article{Zhang2024SegmentAnything,
	author = {Yichi Zhang and Zhenrong Shen and Rushi Jiao},
	title = {Segment Anything Model for Medical Image Segmentation: Current Applications and Future Directions},
	journal = {arXiv},
	year = {2024},
	volume = {},
	number = {},
	pages = {},
	url = {https://arxiv.org/abs/2401.03495}
}

@inproceedings{Brown2020LanguageModels,
	author = {T. Brown and B. Mann and N. Ryder and M. Subbiah and J. D. Kaplan and P. Dhariwal and A. Neelakantan and P. Shyam and G. Sastry and A. Askell et al.},
	title = {Language models are few-shot learners},
	booktitle = {Advances in Neural Information Processing Systems},
	volume = {33},
	pages = {1877--1901},
	year = {2020}
}

@article{OpenAI2023GPT4,
	author = {OpenAI},
	title = {GPT-4 Technical Report},
	journal = {arXiv preprint arXiv:2303.08774},
	year = {2023},
	url = {https://arxiv.org/abs/2303.08774}
}

@article{kirillov2023segment,
	title={Segment anything},
	author={A. Kirillov and E. Mintun and N. Ravi and H. Mao and C. Rolland and L. Gustafson and T. Xiao and S. Whitehead and A. C. Berg and W.-Y. Lo et al.},
	journal={arXiv preprint arXiv:2304.02643},
	year={2023}
}

@article{ma2023segment,
	title={Segment anything in medical images},
	author={Jun Ma and Bo Wang},
	journal={arXiv preprint arXiv:2304.12306},
	year={2023}
}

@article{Hu2023,
	title={Skinsam: Empowering skin cancer segmentation with segment anything model},
	author={M. Hu and Y. Li and X. Yang},
	journal={arXiv preprint arXiv:2304.13973},
	year={2023},
	url={http://arxiv.org/abs/2304.13973}
}

@article{Wu2023,
	title={Medical SAM Adapter: Adapting Segment Anything Model for Medical Image Segmentation},
	author={J. Wu and R. Fu and H. Fang and Y. Liu and Z. Wang and Y. Xu and Y. Jin and T. Arbel},
	journal={arXiv preprint arXiv:2304.12620},
	year={2023},
	url={https://arxiv.org/abs/2304.12620}
}

@article{Hu2021,
	title={LoRA: Low-Rank Adaptation of Large Language Models},
	author={E. J. Hu and Y. Shen and P. Wallis and Z. Allen-Zhu and Y. Li and S. Wang and L. Wang and W. Chen},
	journal={arXiv preprint arXiv:2106.09685},
	year={2021},
	url={https://arxiv.org/abs/2106.09685}
}

@article{SaMed,
	title={Customized Segment Anything Model for Medical Image Segmentation},
	author={K. Zhang and D. Liu},
	journal={arXiv preprint arXiv:2304.13785},
	year={2023},
	url={https://arxiv.org/abs/2304.13785}
}

@article{Pereira2018,
	title={Úlceras del pie diabético: importancia del manejo multidisciplinario y salvataje microquirúrgico de la extremidad},
	author={Nicolás Pereira C. et al.},
	journal={Revista Chilena de Cirugía},
	year={2018},
	url={https://www.scielo.cl/pdf/rchcir/v70n6/0718-4026-rchcir-70-06-0535.pdf}
}

@article{Heber2019,
	title={Mejoramiento de contraste y segmentación en imágenes de úlceras del pie diabético},
	author={Heber et al.},
	journal={Revista Angiología},
	year={2019},
	url={https://revangiologia.sld.cu/index.php/ang/article/view/61}
}

@article{Gomez2019,
	title={Segmentación automática de úlceras del pie diabético y tejidos internos mediante aprendizaje automático},
	author={Gretel Garcia Gomez et al.},
	year={2019},
	url={https://www.researchgate.net/publication/336879527_Segmentacion_automatica_de_ulceras_del_pie_diabetico_y_tejidos_internos_mediante_aprendizaje_automatico_Automatic_Segmentation_of_Diabetic_Foot_Ulcers_and_Internal_Tissues_with_Machine_Learning}
}

@article{Gomez2020,
	title={Características ideales para datasets en segmentación médica: un enfoque práctico},
	author={Gretel Garcia Gomez et al.},
	year={2020},
	url={https://www.researchgate.net/publication/336879527_Segmentacion_automatica_de_ulceras_del_pie_diabetico_y_tejidos_internos_mediante_aprendizaje_automatico_Automatic_Segmentation_of_Diabetic_Foot_Ulcers_and_Internal_Tissues_with_Machine_Learning}
}

@article{Gomez2021,
	title={Tendencias recientes en tecnología médica: aplicaciones móviles en el seguimiento médico},
	author={Desconocido},
	journal={Revista Médica Innovadora},
	year={2021},
	url={https://ejemplo.com/articulo_tecnologia_medica}
}

@article{Wang2020,
	title={Evaluación cuantitativa de técnicas automáticas para segmentación médica},
	author={Wang et al.},
	journal={Journal of Medical Imaging},
	year={2020},
	url={https://ejemplo.com/articulo_evaluacion_tecnicas}
}

@article{BVS2019,
	title={Base de datos sobre úlceras del pie diabético: características y aplicaciones},
	author={Desconocido},
	journal={Revista Cubana Angiología Cirugía Vascular},
	year={2019},
	url={https://pesquisa.bvsalud.org/portal/resource/pt/biblio-1093137}
}
